\section*{Bibliography}
\addcontentsline{toc}{section}{\protect\numberline{}Bibliography}
@article{abdi2010principal,
  title={Principal component analysis},
  author={Abdi, Herv{\'e} and Williams, Lynne J},
  journal={Wiley interdisciplinary reviews: computational statistics},
  volume={2},
  number={4},
  pages={433--459},
  year={2010},
  publisher={Wiley Online Library}
}

@article{atzmon2018point,
  title={Point convolutional neural networks by extension operators},
  author={Atzmon, Matan and Maron, Haggai and Lipman, Yaron},
  journal={arXiv preprint arXiv:1803.10091},
  year={2018}
}

@article{arora2016analysis,
  title={Analysis of k-means and k-medoids algorithm for big data},
  author={Arora, Preeti and Varshney, Shipra and others},
  journal={Procedia Computer Science},
  volume={78},
  pages={507--512},
  year={2016},
  publisher={Elsevier}
}

@inproceedings{balntas2016learning,
  title={Learning local feature descriptors with triplets and shallow convolutional neural networks.},
  author={Balntas, Vassileios and Riba, Edgar and Ponsa, Daniel and Mikolajczyk, Krystian},
  booktitle={Bmvc},
  volume={1},
  number={2},
  pages={3},
  year={2016}
}

@article{bellman46adaptive,
  title={Adaptive control processes: a guided tour. Princeton University Press, 1961},
  author={Bellman, R},
  journal={PUBLICATIONS 46 Signatureofthecandidate withReg}
}

@inproceedings{bousmalis2018using,
  title={Using simulation and domain adaptation to improve efficiency of deep robotic grasping},
  author={Bousmalis, Konstantinos and Irpan, Alex and Wohlhart, Paul and Bai, Yunfei and Kelcey, Matthew and Kalakrishnan, Mrinal and Downs, Laura and Ibarz, Julian and Pastor, Peter and Konolige, Kurt and others},
  booktitle={2018 IEEE international conference on robotics and automation (ICRA)},
  pages={4243--4250},
  year={2018},
  organization={IEEE}
}

@article{bromley1993signature,
  title={Signature verification using a" siamese" time delay neural network},
  author={Bromley, Jane and Guyon, Isabelle and LeCun, Yann and S{\"a}ckinger, Eduard and Shah, Roopak},
  journal={Advances in neural information processing systems},
  volume={6},
  year={1993}
}

@book{buchholz2015bin,
  title={Bin-picking: new approaches for a classical problem},
  author={Buchholz, Dirk},
  volume={44},
  year={2015},
  publisher={Springer}
}

@article{campello2012simpler,
  title={A simpler and more accurate AUTO-HDS framework for clustering and visualization of biological data},
  author={Campello, Ricardo JGB and Moulavi, Davoud and Sander, Joerg},
  journal={IEEE/ACM Transactions on Computational Biology and Bioinformatics},
  volume={9},
  number={6},
  pages={1850--1852},
  year={2012},
  publisher={IEEE}
}

@inproceedings{chen2020simple,
  title={A simple framework for contrastive learning of visual representations},
  author={Chen, Ting and Kornblith, Simon and Norouzi, Mohammad and Hinton, Geoffrey},
  booktitle={International conference on machine learning},
  pages={1597--1607},
  year={2020},
  organization={PMLR}
}

@inproceedings{chen2021exploring,
  title={Exploring simple siamese representation learning},
  author={Chen, Xinlei and He, Kaiming},
  booktitle={Proceedings of the IEEE/CVF conference on computer vision and pattern recognition},
  pages={15750--15758},
  year={2021}
}

@article{cuturi2013sinkhorn,
  title={Sinkhorn distances: Lightspeed computation of optimal transport},
  author={Cuturi, Marco},
  journal={Advances in neural information processing systems},
  volume={26},
  year={2013}
}

@inproceedings{dai2008self,
  title={Self-taught clustering},
  author={Dai, Wenyuan and Yang, Qiang and Xue, Gui-Rong and Yu, Yong},
  booktitle={Proceedings of the 25th international conference on Machine learning},
  pages={200--207},
  year={2008}
}

@masterthesis{danielthesis,
  title={Transfer Learning Approaches for Optimising Bin Picking Applications},
  author={Schiller, Daniel},
  school={University of Stuttgart},
  year={2023}
}

@article{daume2006domain,
  title={Domain adaptation for statistical classifiers},
  author={Daume III, Hal and Marcu, Daniel},
  journal={Journal of artificial Intelligence research},
  volume={26},
  pages={101--126},
  year={2006}
}

@inproceedings{dbscan,
  title={A density-based algorithm for discovering clusters in large spatial databases with noise},
  author={Ester, Martin and Kriegel, Hans-Peter and Sander, J{\"o}rg and Xu, Xiaowei and others},
  booktitle={kdd},
  volume={96},
  number={34},
  pages={226--231},
  year={1996}
}

@incollection{deng2022dimensionality,
  title={What is dimensionality reduction (dr)?},
  author={Deng, Lih-Yuan and Garzon, Max and Kumar, Nirman},
  booktitle={Dimensionality Reduction in Data Science},
  pages={67--77},
  year={2022},
  publisher={Springer}
}

@article{ding2021point,
  title={Point cloud upsampling via perturbation learning},
  author={Ding, Dandan and Qiu, Chi and Liu, Fuchang and Pan, Zhigeng},
  journal={IEEE Transactions on Circuits and Systems for Video Technology},
  volume={31},
  number={12},
  pages={4661--4672},
  year={2021},
  publisher={IEEE}
}

@article{duan2012learning,
  title={Learning with augmented features for heterogeneous domain adaptation},
  author={Duan, Lixin and Xu, Dong and Tsang, Ivor},
  journal={arXiv preprint arXiv:1206.4660},
  year={2012}
}

@inproceedings{fager2020gripper,
  title={Gripper types and components in robotic bin picking},
  author={Fager, Patrik and Rossi, Stefano and Hanson, Robin and Medbo, Lars and Salunkhe, Omkar and Johansson, Mats I and Fast-Berglund, {\AA}sa},
  booktitle={Advances in Production Management Systems. The Path to Digital Transformation and Innovation of Production Management Systems: IFIP WG 5.7 International Conference, APMS 2020, Novi Sad, Serbia, August 30--September 3, 2020, Proceedings, Part I},
  pages={267--274},
  year={2020},
  organization={Springer}
}

@book{friedman1975algorithm,
  title={An algorithm for finding best matches in logarithmic time},
  author={Friedman, Jerome H and Bentley, Jon Louis and Finkel, Raphael A},
  year={1975},
  publisher={Department of Computer Science, Stanford University}
}

@book{Goodfellow-et-al-2016,
    title={Deep Learning},
    author={Ian Goodfellow and Yoshua Bengio and Aaron Courville},
    publisher={MIT Press},
    note={\url{http://www.deeplearningbook.org}},
    year={2016}
}

@article{greenwade93,
    author  = "George D. Greenwade",
    title   = "The {C}omprehensive {T}ex {A}rchive {N}etwork ({CTAN})",
    year    = "1993",
    journal = "TUGBoat",
    volume  = "14",
    number  = "3",
    pages   = "342--351"
}

@article{grill2020bootstrap,
  title={Bootstrap your own latent-a new approach to self-supervised learning},
  author={Grill, Jean-Bastien and Strub, Florian and Altch{\'e}, Florent and Tallec, Corentin and Richemond, Pierre and Buchatskaya, Elena and Doersch, Carl and Avila Pires, Bernardo and Guo, Zhaohan and Gheshlaghi Azar, Mohammad and others},
  journal={Advances in neural information processing systems},
  volume={33},
  pages={21271--21284},
  year={2020}
}

@inproceedings{han2019multi,
  title={Multi-angle point cloud-VAE: Unsupervised feature learning for 3D point clouds from multiple angles by joint self-reconstruction and half-to-half prediction},
  author={Han, Zhizhong and Wang, Xiyang and Liu, Yu-Shen and Zwicker, Matthias},
  booktitle={2019 IEEE/CVF International Conference on Computer Vision (ICCV)},
  pages={10441--10450},
  year={2019},
  organization={IEEE}
}

@book{hartigan1975clustering,
  title={Clustering algorithms},
  author={Hartigan, John A},
  year={1975},
  publisher={John Wiley \& Sons, Inc.}
}

@inproceedings{hassani2019unsupervised,
  title={Unsupervised multi-task feature learning on point clouds},
  author={Hassani, Kaveh and Haley, Mike},
  booktitle={Proceedings of the IEEE/CVF International Conference on Computer Vision},
  pages={8160--8171},
  year={2019}
}

@inproceedings{hdbscan,
  title={A hybrid approach to hierarchical density-based cluster selection},
  author={Malzer, Claudia and Baum, Marcus},
  booktitle={2020 IEEE international conference on multisensor fusion and integration for intelligent systems (MFI)},
  pages={223--228},
  year={2020},
  organization={IEEE}
}

@article{hermans2017defense,
  title={In defense of the triplet loss for person re-identification},
  author={Hermans, Alexander and Beyer, Lucas and Leibe, Bastian},
  journal={arXiv preprint arXiv:1703.07737},
  year={2017}
}

@inproceedings{he2016deep,
  title={Deep residual learning for image recognition},
  author={He, Kaiming and Zhang, Xiangyu and Ren, Shaoqing and Sun, Jian},
  booktitle={Proceedings of the IEEE conference on computer vision and pattern recognition},
  pages={770--778},
  year={2016}
}

@article{hosna2022transfer,
  title={Transfer learning: a friendly introduction},
  author={Hosna, Asmaul and Merry, Ethel and Gyalmo, Jigmey and Alom, Zulfikar and Aung, Zeyar and Azim, Mohammad Abdul},
  journal={Journal of Big Data},
  volume={9},
  number={1},
  pages={102},
  year={2022},
  publisher={Springer}
}

@article{jackson1973relationships,
  title={Relationships among coefficients of vectors used in principal components},
  author={Jackson, J Edward and Hearne, F Terry},
  journal={Technometrics},
  volume={15},
  number={3},
  pages={601--610},
  year={1973},
  publisher={Taylor \& Francis}
}

@book{jain1988algorithms,
  title={Algorithms for clustering data},
  author={Jain, Anil K and Dubes, Richard C},
  year={1988},
  publisher={Prentice-Hall, Inc.}
}

@article{jang2018grasp2vec,
  title={Grasp2vec: Learning object representations from self-supervised grasping},
  author={Jang, Eric and Devin, Coline and Vanhoucke, Vincent and Levine, Sergey},
  journal={arXiv preprint arXiv:1811.06964},
  year={2018}
}

@article{kingma2019introduction,
  title={An introduction to variational autoencoders},
  author={Kingma, Diederik P and Welling, Max and others},
  journal={Foundations and Trends{\textregistered} in Machine Learning},
  volume={12},
  number={4},
  pages={307--392},
  year={2019},
  publisher={Now Publishers, Inc.}
}

@inproceedings{kleeberger2021precise,
  title={Precise Object Placement with Pose Distance Estimations for Different Objects and Grippers},
  author={Kleeberger, Kilian and Schnitzler, Jonathan and Khalid, Muhammad Usman and Bormann, Richard and Kraus, Werner and Huber, Marco F},
  booktitle={2021 IEEE/RSJ International Conference on Intelligent Robots and Systems (IROS)},
  pages={4639--4646},
  year={2021},
  organization={IEEE}
}

@Inbook{kmeans,
author="Jin, Xin
and Han, Jiawei",
editor="Sammut, Claude
and Webb, Geoffrey I.",
title="K-Means Clustering",
bookTitle="Encyclopedia of Machine Learning",
year="2010",
publisher="Springer US",
address="Boston, MA",
pages="563--564",
isbn="978-0-387-30164-8",
doi="10.1007/978-0-387-30164-8_425",
url="https://doi.org/10.1007/978-0-387-30164-8_425"
}

@article{kmean-kmedoid,
  title={An innovative hybrid strategy for structural health monitoring by modal flexibility and clustering methods},
  author={Entezami, Alireza and Sarmadi, Hassan and Saeedi Razavi, Behzad},
  journal={Journal of Civil Structural Health Monitoring},
  volume={10},
  number={5},
  pages={845--859},
  year={2020},
  publisher={Springer}
}

@Inbook{kmedoids,
author="Jin, Xin
and Han, Jiawei",
editor="Sammut, Claude
and Webb, Geoffrey I.",
title="k-medoids Clustering",
bookTitle="Encyclopedia of Machine Learning",
year="2010",
publisher="Springer US",
address="Boston, MA",
pages="564--565",
isbn="978-0-387-30164-8",
doi="10.1007/978-0-387-30164-8_426",
url="https://doi.org/10.1007/978-0-387-30164-8_426"
}

@inproceedings{koch2015siamese,
  title={Siamese neural networks for one-shot image recognition},
  author={Koch, Gregory and Zemel, Richard and Salakhutdinov, Ruslan and others},
  booktitle={ICML deep learning workshop},
  volume={2},
  number={1},
  year={2015},
  organization={Lille}
}

@InProceedings{Koch_2019_CVPR,
author = {Koch, Sebastian and Matveev, Albert and Jiang, Zhongshi and Williams, Francis and Artemov, Alexey and Burnaev, Evgeny and Alexa, Marc and Zorin, Denis and Panozzo, Daniele},
title = {ABC: A Big CAD Model Dataset For Geometric Deep Learning},
booktitle = {The IEEE Conference on Computer Vision and Pattern Recognition (CVPR)},
month = {June},
year = {2019}
}

@inproceedings{kulis2011you,
  title={What you saw is not what you get: Domain adaptation using asymmetric kernel transforms},
  author={Kulis, Brian and Saenko, Kate and Darrell, Trevor},
  booktitle={CVPR 2011},
  pages={1785--1792},
  year={2011},
  organization={IEEE}
}

@article{kullback1951information,
  title={On information and sufficiency},
  author={Kullback, Solomon and Leibler, Richard A},
  journal={The annals of mathematical statistics},
  volume={22},
  number={1},
  pages={79--86},
  year={1951},
  publisher={JSTOR}
}

@article{lecun1998gradient,
  title={Gradient-based learning applied to document recognition},
  author={LeCun, Yann and Bottou, L{\'e}on and Bengio, Yoshua and Haffner, Patrick},
  journal={Proceedings of the IEEE},
  volume={86},
  number={11},
  pages={2278--2324},
  year={1998},
  publisher={Ieee}
}

@inproceedings{lelis2009semi,
  title={Semi-supervised density-based clustering},
  author={Lelis, Levi and Sander, J{\"o}rg},
  booktitle={2009 Ninth IEEE International Conference on Data Mining},
  pages={842--847},
  year={2009},
  organization={IEEE}
}

@article{levine2018learning,
  title={Learning hand-eye coordination for robotic grasping with deep learning and large-scale data collection},
  author={Levine, Sergey and Pastor, Peter and Krizhevsky, Alex and Ibarz, Julian and Quillen, Deirdre},
  journal={The International journal of robotics research},
  volume={37},
  number={4-5},
  pages={421--436},
  year={2018},
  publisher={SAGE Publications Sage UK: London, England}
}

@article{li2018pointcnn,
  title={Pointcnn: Convolution on x-transformed points},
  author={Li, Yangyan and Bu, Rui and Sun, Mingchao and Wu, Wei and Di, Xinhan and Chen, Baoquan},
  journal={Advances in neural information processing systems},
  volume={31},
  year={2018}
}

@article{lin2020robotic,
  title={Robotic grasping with multi-view image acquisition and model-based pose estimation},
  author={Lin, Huei-Yung and Liang, Shih-Cheng and Chen, Yu-Kai},
  journal={IEEE Sensors Journal},
  volume={21},
  number={10},
  pages={11870--11878},
  year={2020},
  publisher={IEEE}
}

@inproceedings{liu2019relation,
  title={Relation-shape convolutional neural network for point cloud analysis},
  author={Liu, Yongcheng and Fan, Bin and Xiang, Shiming and Pan, Chunhong},
  booktitle={Proceedings of the IEEE/CVF conference on computer vision and pattern recognition},
  pages={8895--8904},
  year={2019}
}

@inproceedings{liu2019exploring,
  title={Exploring transfer learning to reduce training overhead of hpc data in machine learning},
  author={Liu, Tong and Alibhai, Shakeel and Wang, Jinzhen and Liu, Qing and He, Xubin and Wu, Chentao},
  booktitle={2019 IEEE International Conference on Networking, Architecture and Storage (NAS)},
  pages={1--7},
  year={2019},
  organization={IEEE}
}

@article{mackiewicz1993principal,
  title={Principal components analysis (PCA)},
  author={Ma{\'c}kiewicz, Andrzej and Ratajczak, Waldemar},
  journal={Computers \& Geosciences},
  volume={19},
  number={3},
  pages={303--342},
  year={1993},
  publisher={Elsevier}
}

@article{mei2022unsupervised,
  title={Unsupervised learning on 3d point clouds by clustering and contrasting},
  author={Mei, Guofeng and Yu, Litao and Wu, Qiang and Zhang, Jian and Bennamoun, Mohammed},
  journal={arXiv preprint arXiv:2202.02543},
  year={2022}
}

@inproceedings{moulavi2014density,
  title={Density-based clustering validation},
  author={Moulavi, Davoud and Jaskowiak, Pablo A and Campello, Ricardo JGB and Zimek, Arthur and Sander, J{\"o}rg},
  booktitle={Proceedings of the 2014 SIAM international conference on data mining},
  pages={839--847},
  year={2014},
  organization={SIAM}
}

@article{murtagh2012algorithms,
title={Algorithms for hierarchical clustering: an overview},
author={Murtagh, Fionn and Contreras, Pedro},
journal={Wiley Interdisciplinary Reviews: Data Mining and Knowledge Discovery},
volume={2},
number={1},
pages={86--97},
year={2012},
publisher={Wiley Online Library}
}

@article{ng2011sparse,
  title={Sparse autoencoder},
  author={Ng, Andrew and others},
  journal={CS294A Lecture notes},
  volume={72},
  number={2011},
  pages={1--19},
  year={2011}
}

@article{omohundro1989five,
  title={Five balltree construction algorithms},
  author={Omohundro, Stephen M},
  year={1989},
  publisher={Citeseer}
}

@inproceedings{palmer2021spectral,
  title={Spectral clustering for directed networks},
  author={Palmer, William R and Zheng, Tian},
  booktitle={Complex Networks \& Their Applications IX: Volume 1, Proceedings of the Ninth International Conference on Complex Networks and Their Applications COMPLEX NETWORKS 2020},
  pages={87--99},
  year={2021},
  organization={Springer}
}

@article{pan2009survey,
  title={A survey on transfer learning},
  author={Pan, Sinno Jialin and Yang, Qiang},
  journal={IEEE Transactions on knowledge and data engineering},
  volume={22},
  number={10},
  pages={1345--1359},
  year={2009},
  publisher={IEEE}
}

@inproceedings{pan2011transfer,
  title={Transfer learning to predict missing ratings via heterogeneous user feedbacks},
  author={Pan, Weike and Liu, Nathan N and Xiang, Evan W and Yang, Qiang},
  booktitle={Proceedings of the Twenty-Second International Joint Conference on Artificial Intelligence, Barcelona, Catalonia, Spain},
  pages={2318},
  year={2011}
}

@article{park2018hybrid,
  title={A hybrid gripper with soft material and rigid structures},
  author={Park, Wookeun and Seo, Seongmin and Bae, Joonbum},
  journal={IEEE Robotics and Automation Letters},
  volume={4},
  number={1},
  pages={65--72},
  year={2018},
  publisher={IEEE}
}

@article{peyre2019computational,
  title={Computational optimal transport: With applications to data science},
  author={Peyr{\'e}, Gabriel and Cuturi, Marco and others},
  journal={Foundations and Trends{\textregistered} in Machine Learning},
  volume={11},
  number={5-6},
  pages={355--607},
  year={2019},
  publisher={Now Publishers, Inc.}
}

@article{pooling,
author = {Yani, Muhamad and Irawan, S, and Setianingsih, Casi},
year = {2019},
month = {05},
pages = {012052},
title = {Application of Transfer Learning Using Convolutional Neural Network Method for Early Detection of Terry’s Nail},
volume = {1201},
journal = {Journal of Physics: Conference Series},
doi = {10.1088/1742-6596/1201/1/012052}
}

@inproceedings{poursaeed2020self,
  title={Self-supervised learning of point clouds via orientation estimation},
  author={Poursaeed, Omid and Jiang, Tianxing and Qiao, Han and Xu, Nayun and Kim, Vladimir G},
  booktitle={2020 International Conference on 3D Vision (3DV)},
  pages={1018--1028},
  year={2020},
  organization={IEEE}
}

@inproceedings{qi2017pointnet,
  title={Pointnet: Deep learning on point sets for 3d classification and segmentation},
  author={Qi, Charles R and Su, Hao and Mo, Kaichun and Guibas, Leonidas J},
  booktitle={Proceedings of the IEEE conference on computer vision and pattern recognition},
  pages={652--660},
  year={2017}
}

@article{qi2017pointnet++,
  title={Pointnet++: Deep hierarchical feature learning on point sets in a metric space},
  author={Qi, Charles Ruizhongtai and Yi, Li and Su, Hao and Guibas, Leonidas J},
  journal={Advances in neural information processing systems},
  volume={30},
  year={2017}
}

@inproceedings{raina2007self,
  title={Self-taught learning: transfer learning from unlabeled data},
  author={Raina, Rajat and Battle, Alexis and Lee, Honglak and Packer, Benjamin and Ng, Andrew Y},
  booktitle={Proceedings of the 24th international conference on Machine learning},
  pages={759--766},
  year={2007}
}

@inproceedings{rao2020global,
  title={Global-local bidirectional reasoning for unsupervised representation learning of 3d point clouds},
  author={Rao, Yongming and Lu, Jiwen and Zhou, Jie},
  booktitle={Proceedings of the IEEE/CVF Conference on Computer Vision and Pattern Recognition},
  pages={5376--5385},
  year={2020}
}

@inproceedings{rifai2011contractive,
  title={Contractive auto-encoders: Explicit invariance during feature extraction},
  author={Rifai, Salah and Vincent, Pascal and Muller, Xavier and Glorot, Xavier and Bengio, Yoshua},
  booktitle={Proceedings of the 28th international conference on international conference on machine learning},
  pages={833--840},
  year={2011}
}

@inproceedings{sarmad2019rl,
  title={Rl-gan-net: A reinforcement learning agent controlled gan network for real-time point cloud shape completion},
  author={Sarmad, Muhammad and Lee, Hyunjoo Jenny and Kim, Young Min},
  booktitle={Proceedings of the IEEE/CVF conference on computer vision and pattern recognition},
  pages={5898--5907},
  year={2019}
}

@inproceedings{sanghi2020info3d,
  title={Info3d: Representation learning on 3d objects using mutual information maximization and contrastive learning},
  author={Sanghi, Aditya},
  booktitle={Computer Vision--ECCV 2020: 16th European Conference, Glasgow, UK, August 23--28, 2020, Proceedings, Part XXIX 16},
  pages={626--642},
  year={2020},
  organization={Springer}
}

@book{sanguansat2012principal,
  title={Principal component analysis},
  author={Sanguansat, Parinya},
  year={2012},
  publisher={BoD--Books on Demand}
}

@article{scikit-learn,
  title={Scikit-learn: Machine Learning in {P}ython},
  author={Pedregosa, F. and Varoquaux, G. and Gramfort, A. and Michel, V.
          and Thirion, B. and Grisel, O. and Blondel, M. and Prettenhofer, P.
          and Weiss, R. and Dubourg, V. and Vanderplas, J. and Passos, A. and
          Cournapeau, D. and Brucher, M. and Perrot, M. and Duchesnay, E.},
  journal={Journal of Machine Learning Research},
  volume={12},
  pages={2825--2830},
  year={2011}
}

@article{shimodaira2000improving,
  title={Improving predictive inference under covariate shift by weighting the log-likelihood function},
  author={Shimodaira, Hidetoshi},
  journal={Journal of statistical planning and inference},
  volume={90},
  number={2},
  pages={227--244},
  year={2000},
  publisher={Elsevier}
}

@inproceedings{shi2020unsupervised,
  title={Unsupervised deep shape descriptor with point distribution learning},
  author={Shi, Yi and Xu, Mengchen and Yuan, Shuaihang and Fang, Yi},
  booktitle={Proceedings of the IEEE/CVF Conference on Computer Vision and Pattern Recognition},
  pages={9353--9362},
  year={2020}
}

@article{simonyan2014very,
  title={Very deep convolutional networks for large-scale image recognition},
  author={Simonyan, Karen and Zisserman, Andrew},
  journal={arXiv preprint arXiv:1409.1556},
  year={2014}
}

@article{song2021layer,
  title={Layer-wise geometry aggregation framework for lossless lidar point cloud compression},
  author={Song, Fei and Shao, Yiting and Gao, Wei and Wang, Haiqiang and Li, Thomas},
  journal={IEEE Transactions on Circuits and Systems for Video Technology},
  volume={31},
  number={12},
  pages={4603--4616},
  year={2021},
  publisher={IEEE}
}

@article{spenrath2022heuristic,
  title={Heuristic search method for efficient planning for gripping disorderly stored workpieces with industrial robots},
  author={Spenrath, Felix},
  year={2022},
  publisher={Stuttgart: Fraunhofer Institute for Production Technology and Automation IPA}
}

@article{sun2021quadratic,
  title={Quadratic terms based point-to-surface 3D representation for deep learning of point cloud},
  author={Sun, Tiecheng and Liu, Guanghui and Li, Ru and Liu, Shuaicheng and Zhu, Shuyuan and Zeng, Bing},
  journal={IEEE Transactions on Circuits and Systems for Video Technology},
  volume={32},
  number={5},
  pages={2705--2718},
  year={2021},
  publisher={IEEE}
}

@inproceedings{szegedy2015going,
  title={Going deeper with convolutions},
  author={Szegedy, Christian and Liu, Wei and Jia, Yangqing and Sermanet, Pierre and Reed, Scott and Anguelov, Dragomir and Erhan, Dumitru and Vanhoucke, Vincent and Rabinovich, Andrew},
  booktitle={Proceedings of the IEEE conference on computer vision and pattern recognition},
  pages={1--9},
  year={2015}
}

@article{undercompleteautoencoder,
  title={An autoencoder based model for detecting fraudulent credit card transaction},
  author={Misra, Sumit and Thakur, Soumyadeep and Ghosh, Manosij and Saha, Sanjoy Kumar},
  journal={Procedia Computer Science},
  volume={167},
  pages={254--262},
  year={2020},
  publisher={Elsevier}
}

@article{van2008visualizing,
  title={Visualizing data using t-SNE.},
  author={Van der Maaten, Laurens and Hinton, Geoffrey},
  journal={Journal of machine learning research},
  volume={9},
  number={11},
  year={2008}
}

@inproceedings{vergani2018soft,
  title={A soft davies-bouldin separation measure},
  author={Vergani, Alberto A and Binaghi, Elisabetta},
  booktitle={2018 IEEE international conference on fuzzy systems (FUZZ-IEEE)},
  pages={1--8},
  year={2018},
  organization={IEEE}
}

@inproceedings{vincent2008extracting,
  title={Extracting and composing robust features with denoising autoencoders},
  author={Vincent, Pascal and Larochelle, Hugo and Bengio, Yoshua and Manzagol, Pierre-Antoine},
  booktitle={Proceedings of the 25th international conference on Machine learning},
  pages={1096--1103},
  year={2008}
}

@article{vinyals2015order,
  title={Order matters: Sequence to sequence for sets},
  author={Vinyals, Oriol and Bengio, Samy and Kudlur, Manjunath},
  journal={arXiv preprint arXiv:1511.06391},
  year={2015}
}

@article{von2007tutorial,
  title={A tutorial on spectral clustering},
  author={Von Luxburg, Ulrike},
  journal={Statistics and computing},
  volume={17},
  pages={395--416},
  year={2007},
  publisher={Springer}
}

@inproceedings{wang2008transferred,
  title={Transferred dimensionality reduction},
  author={Wang, Zheng and Song, Yangqiu and Zhang, Changshui},
  booktitle={Machine Learning and Knowledge Discovery in Databases: European Conference, ECML PKDD 2008, Antwerp, Belgium, September 15-19, 2008, Proceedings, Part II 19},
  pages={550--565},
  year={2008},
  organization={Springer}
}

@article{wang2019dynamic,
  title={Dynamic graph cnn for learning on point clouds},
  author={Wang, Yue and Sun, Yongbin and Liu, Ziwei and Sarma, Sanjay E and Bronstein, Michael M and Solomon, Justin M},
  journal={ACM Transactions on Graphics (tog)},
  volume={38},
  number={5},
  pages={1--12},
  year={2019},
  publisher={Acm New York, NY, USA}
}

@article{weinberger2009distance,
  title={Distance metric learning for large margin nearest neighbor classification.},
  author={Weinberger, Kilian Q and Saul, Lawrence K},
  journal={Journal of machine learning research},
  volume={10},
  number={2},
  year={2009}
}

@article{weiss2016survey,
  title={A survey of transfer learning},
  author={Weiss, Karl and Khoshgoftaar, Taghi M and Wang, DingDing},
  journal={Journal of Big data},
  volume={3},
  number={1},
  pages={1--40},
  year={2016},
  publisher={SpringerOpen}
}

@inproceedings{wu2019deep,
  title={Deep convolutional networks on 3d point clouds. IEEE},
  author={Wu, W and Qi, Z and Li, F Pointconv},
  booktitle={CVF Conference on Computer Vision and Pattern Recognition (CVPR)},
  pages={9613--9622},
  year={2019}
}

@inproceedings{wu2019pointconv,
  title={Pointconv: Deep convolutional networks on 3d point clouds},
  author={Wu, Wenxuan and Qi, Zhongang and Fuxin, Li},
  booktitle={Proceedings of the IEEE/CVF Conference on computer vision and pattern recognition},
  pages={9621--9630},
  year={2019}
}

@article{xanthopoulos2013linear,
  title={Linear discriminant analysis},
  author={Xanthopoulos, Petros and Pardalos, Panos M and Trafalis, Theodore B and Xanthopoulos, Petros and Pardalos, Panos M and Trafalis, Theodore B},
  journal={Robust data mining},
  pages={27--33},
  year={2013},
  publisher={Springer}
}

@inproceedings{xu2021paconv,
  title={Paconv: Position adaptive convolution with dynamic kernel assembling on point clouds},
  author={Xu, Mutian and Ding, Runyu and Zhao, Hengshuang and Qi, Xiaojuan},
  booktitle={Proceedings of the IEEE/CVF Conference on Computer Vision and Pattern Recognition},
  pages={3173--3182},
  year={2021}
}

@inproceedings{yang2018foldingnet,
  title={Foldingnet: Point cloud auto-encoder via deep grid deformation},
  author={Yang, Yaoqing and Feng, Chen and Shen, Yiru and Tian, Dong},
  booktitle={Proceedings of the IEEE conference on computer vision and pattern recognition},
  pages={206--215},
  year={2018}
}

@inproceedings{zadrozny2004learning,
  title={Learning and evaluating classifiers under sample selection bias},
  author={Zadrozny, Bianca},
  booktitle={Proceedings of the twenty-first international conference on Machine learning},
  pages={114},
  year={2004}
}

@article{zaheer2017deep,
  title={Deep sets},
  author={Zaheer, Manzil and Kottur, Satwik and Ravanbakhsh, Siamak and Poczos, Barnabas and Salakhutdinov, Russ R and Smola, Alexander J},
  journal={Advances in neural information processing systems},
  volume={30},
  year={2017}
}

@article{zhao2021transformer3d,
  title={Transformer3D-Det: Improving 3D object detection by vote refinement},
  author={Zhao, Lichen and Guo, Jinyang and Xu, Dong and Sheng, Lu},
  journal={IEEE Transactions on Circuits and Systems for Video Technology},
  volume={31},
  number={12},
  pages={4735--4746},
  year={2021},
  publisher={IEEE}
}

@inproceedings{zhou2021adaptive,
  title={Adaptive graph convolution for point cloud analysis},
  author={Zhou, Haoran and Feng, Yidan and Fang, Mingsheng and Wei, Mingqiang and Qin, Jing and Lu, Tong},
  booktitle={Proceedings of the IEEE/CVF international conference on computer vision},
  pages={4965--4974},
  year={2021}
}

@inproceedings{zhu2011heterogeneous,
  title={Heterogeneous transfer learning for image classification},
  author={Zhu, Yin and Chen, Yuqiang and Lu, Zhongqi and Pan, Sinno and Xue, Gui-Rong and Yu, Yong and Yang, Qiang},
  booktitle={Proceedings of the AAAI conference on artificial intelligence},
  volume={25},
  number={1},
  pages={1304--1309},
  year={2011}
}

@article{zhu2016deep,
  title={Deep learning representation using autoencoder for 3D shape retrieval},
  author={Zhu, Zhuotun and Wang, Xinggang and Bai, Song and Yao, Cong and Bai, Xiang},
  journal={Neurocomputing},
  volume={204},
  pages={41--50},
  year={2016},
  publisher={Elsevier}
}

@misc{adaptive_gripper,
  title = {New Electric Gripper Plus Kit for Universal Robots},
  howpublished = {\url{https://blog.robotiq.com/bid/73065/New-Electric-Gripper-Plus-Kit-for-Universal-Robots}},
}

@misc{autoencoder,
  title = {Autoencoder},
  howpublished = {\url{https://en.wikipedia.org/wiki/Autoencoder}},
}

@misc{ball_tree,
  title = {Kd Tree and Ball Tree Algorithm},
  howpublished = {\url{https://medium.com/@bhargavimuramkar/kd-tree-and-ball-tree-algorithm-5f922af57f81}},
}

@misc{bin_picking,
  title = {Bin Picking in the Industry},
  howpublished = {\url{https://atriainnovation.com/en/blog/bin-picking-in-the-industry/}},
}

@misc{chindex,
  title = {Calinski-Harabasz Index},
  howpublished = {\url{https://en.wikipedia.org/wiki/Calinski-Harabasz_index}},
}

@misc{ConvNet,
  title = {Convolutional Neural Networks, Explained},
  howpublished = {\url{https://towardsdatascience.com/convolutional-neural-networks-explained-9cc5188c4939}},
}

@misc{dbscanWiki,
  title = {DBSCAN Wikipedia},
  howpublished = {\url{https://en.wikipedia.org/wiki/DBSCAN}},
}

@misc{demmel1999cs,
  title={CS 267: Notes for Lecture 23, April 9, 1999. Graph Partitioning, Part 2},
  author={Demmel, J},
  year={1999}
}

@misc{dendogram,
  title = {Hierarchical Clustering},
  howpublished = {\url{https://harshsharma1091996.medium.com/hierarchical-clustering-996745fe656b}},
}

@misc{dr,
  title = {What is dimensionality reduction?},
  howpublished = {\url{https://www.ibm.com/topics/dimensionality-reduction}},
}

@misc{kd_tree,
  title = {Search and Insertion in K Dimensional tree},
  howpublished = {\url{https://www.geeksforgeeks.org/search-and-insertion-in-k-dimensional-tree/}},
}

@misc{magnetic_gripper,
  title = {SGM-SV MAGNETIC GRIPPER},
  howpublished = {\url{https://www.universal-robots.com/fi/plus/products/j-schmalz/sgm-sv-magnetic-gripper/}},
}

@misc{mechanical_gripper,
  title = {Fundamentals of Pneumatic Grippers for Industrial Applications},
  howpublished = {\url{https://www.digikey.co.uk/en/articles/fundamentals-of-pneumatic-grippers-for-industrial-applications}},
}

@misc{pca,
  title = {Principal Component Analysis (PCA) Transformation},
  howpublished = {\url{https://www.biorender.com/template/principal-component-analysis-pca-transformation}},
}

@misc{scikit_learn_kmedoids,
  title = {scikit-learn-extra API KMedoids},
  howpublished = {\url{https://scikit-learn-extra.readthedocs.io/en/stable/generated/sklearn_extra.cluster.KMedoids.html}},
}

@misc{siamese_leibe,
  author        = {Bastian Leibe},
  title         = {Lecture notes in Computer Vision},
  year          = {2023},
}

@misc{siamese_network,
  title = {A Comprehensive Guide to Siamese Neural Networks},
  howpublished = {\url{https://medium.com/@rinkinag24/a-comprehensive-guide-to-siamese-neural-networks-3358658c0513}},
}

@misc{soft_gripper,
  title = {NUS engineers bring a soft touch to commercial robotics},
  howpublished = {\url{https://news.nus.edu.sg/nus-engineers-bring-a-soft-touch-to-commercial-robotics/}},
}

@misc{transfer_learning,
  title = {What Is Transfer Learning? Exploring the Popular Deep Learning Approach.},
  howpublished = {\url{https://builtin.com/data-science/transfer-learning}},
}

@misc{triplet_loss,
  title = {Triplet Loss and Siamese Neural Networks},
  howpublished = {\url{https://medium.com/@enoshshr/triplet-loss-and-siamese-neural-networks-5d363fdeba9b}},
}

@misc{tsne,
  title = {T-SNE Explained — Math and Intuition},
  howpublished = {\url{https://medium.com/swlh/t-sne-explained-math-and-intuition-94599ab164cf}},
}

@misc{tsne_sklearn,
  title = {TSNE},
  howpublished = {\url{https://scikit-learn.org/stable/modules/generated/sklearn.manifold.TSNE.html}},
}

@misc{vacuum_gripper,
  title = {Piab broadens scope of Kenos KVG vacuum grippers},
  howpublished = {\url{https://www.therobotreport.com/piab-kenos-kvg-vacuum-grippers/}},
}

@misc{vae,
  title = {Intuitively Understanding Variational Autoencoders},
  howpublished = {\url{https://towardsdatascience.com/intuitively-understanding-variational-autoencoders-1bfe67eb5daf}},
}

@misc{vae_image,
  title = {Understanding Variational Autoencoders(VAEs)},
  howpublished = {\url{https://towardsdatascience.com/understanding-variational-autoencoders-vaes-f70510919f73}},
}