@entry{epsilon,
 name={\ensuremath{\epsilon}},
 description={Epsilon},
}